1639 3163
1406 165 1484 199 VII

225 249 560 322 Bibliothecae
586 267 784 317 nostrae·
798 268 1024 334 publicae
1047 285 1100 316 ac
1123 270 1340 333 privatae
1362 291 1481 335 pau-

91 387 157 434 cis
212 386 443 449 operibus
486 383 627 431 novis
674 383 737 430 ad
778 381 1031 430 historiam
1074 385 1345 432 natuxalem
1378 386 1480 448 spe-

93 499 333 547 ctantibus
368 497 602 564 gaudent,
638 473 756 543 hino
783 498 948 543 omnia
971 513 1098 543 nova
1126 514 1297 560 opera,
1334 516 1481 562 quan-

82 597 215 659 tum
252 611 418 674 potui,
478 609 692 674 propriis
743 608 1016 671 sumptibus
1069 624 1234 656 emere
1295 625 1486 659 coactus

92 742 248 781 eram,
298 724 412 770 inde
462 719 563 771 nou
606 722 792 769 mirum
836 719 963 768 mihi
1010 721 1279 770 nonnullos
1331 724 1486 772 fibros

91 838 236 886 nimis
274 855 412 884 caros
446 833 621 884 deesset

225 953 420 998 Plantas
479 950 712 998 Herbarii
763 949 983 1012 proprii,
1051 965 1170 1013 quas
1221 951 1304 997 vel
1354 951 1487 998 vivas

91 1061 230 1126 (mn)
254 1066 336 1111 vel
370 1062 508 1110 ficcas
536 1059 663 1122 (v.s.)
683 1063 765 1108 vel
797 1059 895 1109 fine
929 1061 1057 1108 flore
1091 1063 1224 1109 vivas
1251 1061 1491 1122 (v.v.f.fl.)

89 1179 171 1223 veI
213 1177 313 1224 fine
354 1176 481 1223 ssope
524 1173 664 1222 ficcas
709 1171 782 1229 (v.
808 1173 840 1220 s.
866 1173 898 1219 s.
921 1169 1005 1228 fl.)
1053 1175 1136 1220 vel
1177 1174 1331 1221 modo
1376 1192 1493 1225 cum

91 1290 257 1336 fructu
291 1288 430 1335 ficcas
468 1289 542 1348 (v.
562 1288 595 1334 f.
615 1303 652 1333 c.
676 1282 756 1340 fr.)
791 1285 916 1342 vidi,
954 1285 1185 1333 adhibitis
1221 1287 1332 1334 heio
1364 1289 1490 1336 indi.

91 1403 207 1449 catis
243 1401 383 1465 [ignis
420 1400 610 1457 notavi,
653 1411 711 1446 ut
746 1399 956 1462 quisque
996 1398 1208 1457 videret,
1253 1417 1492 1463 quaenam

87 1515 382 1579 vegetabilia
431 1532 493 1562 ex
543 1513 758 1562 aliorum
801 1511 1204 1577 descriptionibus
1256 1512 1493 1579 descripta

92 1626 412 1677 assumserim.⁴

225 1747 371 1789 Nova
404 1743 685 1805 plantarum
719 1754 898 1805 genera
932 1752 982 1788 et
1025 1740 1227 1804 specieS,
1279 1757 1490 1803 quamm

90 1856 400 1902 mentionem
433 1872 536 1903 non
570 1856 686 1903 fecit
720 1856 964 1903 Linnaeus
996 1854 1050 1900 in
1081 1852 1286 1901 secunda
1313 1853 1489 1900 editio-

92 1986 154 2015 ne
188 1969 460 2031 specierum
494 1970 801 2032 plantarum‚
835 1966 1102 2029 systematis
1137 1964 1488 2030 vegetabilium

91 2080 309 2128 editione
343 2085 487 2139 XIII‘,
538 2078 776 2128 Mantiffis
820 2079 972 2137 binis,
1023 2093 1073 2126 et
1114 2080 1488 2143 Supplemento‚

89 2190 284 2241 stellula
321 2189 401 2253 (*)
438 2204 549 2239 ante
581 2209 848 2241 numerum
882 2193 1072 2257 generis
1107 2205 1157 2240 et
1190 2193 1364 2257 speciei
1397 2208 1489 2239 no-

89 2306 202 2353 tavi.
274 2303 458 2354 clari-ff.
501 2308 720 2370 Murray·
760 2306 814 2353 in
853 2304 936 2352 fua
968 2303 1234 2367 systematis
1270 2305 1489 2352 editione

88 2424 218 2468 XIV.
263 2420 503 2467 nonnulla
545 2420 787 2481 Jacquini,
855 2417 1153 2484 Thunbergii
1196 2430 1246 2465 et
1286 2417 1487 2482 propria

92 2531 411 2596 vegetabilia,
464 2533 583 2595 quin
617 2530 760 2596 fignis
795 2529 1027 2578 adhibitis
1065 2548 1119 2578 ea
1155 2527 1482 2595 distingueret,

90 2646 345 2709 allegavit,
380 2657 430 2693 et
454 2643 678 2693 Botanici
705 2642 893 2709 postea,
932 2661 1087 2709 quum
1112 2660 1333 2693 errorem
1351 2659 1482 2690 com-
