1639 3163
163 204 219 237 Vl

168 310 458 377 vegetabilia
492 302 722 370 assumsit3
774 308 854 354 hic
891 322 1008 354 vero
1053 303 1149 352 fine
1192 304 1286 351 sale
1317 305 1385 352 ita
1421 319 1555 350 accu-

170 424 378 472 mulavit
414 425 598 480 omnia,
632 435 689 468 ut
722 437 868 468 nemo
888 421 1176 466 mortalium
1209 419 1301 464 hac
1326 435 1385 465 ex
1414 419 1558 464 chao·

172 537 266 583 tica
313 535 677 582 coacervatione
721 533 1011 596 vegetabilia
1052 533 1327 578 Linnaeana
1361 545 1387 574 a
1420 529 1560 575 novis

174 649 356 711 eligere
389 649 560 693 valeat.
645 646 775 693 Hinc
807 644 1031 700 timidus,
1093 644 1220 688 viam
1257 641 1340 687 sub
1375 640 1563 686 infelici

173 759 324 806 fidere
358 759 456 818 jam
493 759 551 804 ab
588 749 983 813 aliis'tentatam,
1035 752 1266 819 ingressus
1301 754 1430 810 sum,
1482 752 1565 799 sed

176 875 339 927 cau‘te,
386 871 631 917 tenuitatis
668 870 847 916 virium
881 869 1013 914 haud
1047 869 1333 922 immemor,
1378 864 1566 928 singula

180 983 461 1044 exploravi,
514 994 561 1027 et
598 982 762 1027 omnia
797 980 1086 1043 vegetabilia
1127 981 1381 1040 hucusque
1425 977 1567 1023 certis

176 1078 533 1141 charactetibus
571 1092 772 1138 definita
806 1092 1037 1138 recensui.

310 1210 402 1252 Me
436 1221 536 1250 non
580 1204 727 1268 fugit,
756 1196 905 1265 'opus
950 1204 1082 1250 haud
1125 1204 1401 1269 perfectum
1443 1201 1568 1259 fore,

176 1318 258 1366 sed
302 1330 540 1380 quantum
586 1317 732 1380 potui
775 1314 1000 1380 praestiti.
1091 1317 1237 1362 Alma
1290 1317 1420 1361 enim
1470 1320 1570 1362 Na-

176 1443 307 1488 tura,
362 1429 526 1493 quoad
568 1429 720 1474 varias
765 1429 972 1485 formas,
1026 1445 1142 1491 quas
1186 1427 1331 1475 rebus
1374 1428 1568 1484 indidit,

176 1541 485 1598 inexhausta,
565 1540 794 1588 assiduam
874 1540 1109 1588 desiderat
1194 1541 1570 1602 contemplatio-

175 1672 289 1703 nem
309 1692 322 1712 ,
352 1667 356 1672 ⁴
389 1653 515 1700 mihi
573 1669 693 1698 vero
757 1654 920 1699 omnia
977 1652 1264 1716 vegetabilia
1323 1651 1569 1710 lustrandi,

176 1767 386 1831 ipsisque
422 1765 579 1812 oculis
618 1766 924 1812 examinandi
961 1765 1142 1812 occasio
1177 1783 1278 1811 non
1302 1778 1417 1811 erat.
1487 1764 1570 1813 As·

178 1878 322 1926 sumfi
373 1878 694 1925 solummodo
738 1877 1028 1941 vegetabilia
1072 1895 1097 1923 a
1142 1877 1384 1923 Botanicis
1430 1878 1572 1924 certis

181 1990 407 2047 definita,
443 2007 543 2037 non
567 2007 718 2053 pauca
746 1990 810 2036 ob
837 1991 1256 2047 incertitudinem,
1291 1990 1434 2035 nimis
1463 1989 1571 2035 bre-

179 2121 291 2150 vem
337 2103 676 2150 definitionem
731 2115 780 2149 et
832 2120 1052 2151 mancam
1105 2104 1478 2165 descriptionem
1521 2103 1573 2148 in

181 2215 436 2279 operibus:
496 2217 718 2289 'Walteri,
771 2219 1012 2272 Loureiri,
1071 2221 1126 2263 V
1121 2218 1299 2264 andelli
1335 2216 1572 2261 aliorum-

181 2345 278 2392 que
314 2346 414 2376 non
450 2328 682 2383 indicavi,
727 2304 808 2373 'his
845 2342 961 2375 tunc
998 2330 1198 2376 demum
1233 2329 1284 2374 in
1321 2325 1573 2386 systemate

178 2442 350 2488 locum
387 2439 628 2502 assignavi,
666 2453 925 2488 auctorum
962 2444 1042 2488 vel
1077 2444 1263 2496 icones,
1306 2442 1389 2486 vel
1425 2440 1571 2486 exfic-

181 2565 284 2599 cata
322 2569 495 2600 eorum
532 2553 810 2617 specimina,
849 2570 959 2600 cum
997 2553 1399 2617 descriptionibus
1438 2570 1571 2600 comm

180 2666 392 2730 parandi
420 2665 666 2714 occasione
700 2667 747 2714 se
782 2667 908 2714 mihi
953 2665 1204 2714 offerente.
